@book{MR_textbook,
    Author = {Kevin M. Lynch},
    title = {Modern Robotics: Mechanics, Planning, and Control},
    description = {Modern Robotics: Mechanics, Planning, and Control (Book, 2017)},
    publisher = {Cambridge University Press},
    interhash = {c7066534b00509ecf8927a042a647e8a},
    intrahash = {75cd3514b9f7b4bf31e03a5ea2b72b57},
    year = {2017},
    month = {jul},
    isbn = {1107156300},
    url = {https://www.xarg.org/ref/a/1107156300/}
}

@article{denavit_hartenberg_1955, 
    title={A kinematic notation for lower-pair mechanisms based on matrices.}, 
    volume={23}, 
    journal={ASME Journal of Applied Mechanics}, 
    author={Denavit, Jacques and Hartenberg, Richard}, 
    year={1955}, 
    pages={215â€“221}
}

@inbook{brockett_1983, 
    title={Robotic manipulators and the product of exponentials formula}, 
    booktitle={Proc. International Symposium on the Mathematical Theory of Networks and Systems}, 
    author={Brockett, Roger Ware}, 
    year={1983}
}